@misc{gh:neorv32,
  author = {Nolting, Stephan and {Contribuidores}},
  title = {{NEORV32 - A tiny, customizable and extensible MCU-class 32-bit RISC-V soft-core CPU and microcontroller-like SoC}},
  year = {2024},
  publisher = {GitHub},
  journal = {GitHub repository},
  howpublished = {\href{https://github.com/stnolting/neorv32}{gh:stnolting/neorv32}},
  commit = {229b8f17f733170c265540acde9213c5dc1ba940}
}

@ARTICLE{9031298,
  author={Afshar, Saeed and Hamilton, Tara Julia and Davis, Langdon and Van Schaik, Andr√© and Delic, Dennis},
  journal={IEEE Sensors Journal}, 
  title={Event-Based Processing of Single Photon Avalanche Diode Sensors}, 
  year={2020},
  volume={20},
  number={14},
  pages={7677-7691},
  keywords={Sensors;Photonics;Airplanes;Image sensors;Atmospheric modeling;Neuromorphics;Single photon avalanche diode;event-based vision;event-based processors;feature extraction},
  doi={10.1109/JSEN.2020.2979761}
}

@ARTICLE{10044095,
  author={Shawkat, Mst Shamim Ara and Adnan, Md Musabbir and Febbo, Rocco D. and Murray, John J. and Rose, Garrett S.},
  journal={IEEE Access}, 
  title={A Single Chip SPAD Based Vision Sensing System With Integrated Memristive Spiking Neuromorphic Processing}, 
  year={2023},
  volume={11},
  number={},
  pages={19441-19457},
  keywords={Single-photon avalanche diodes;Neuromorphics;Vision sensors;System-on-chip;Photonics;Machine vision;Robot sensing systems;Single-photon avalanche diode;SPAD;SPAD imager;vision sensor;neuromorphic computing;memristor;spiking neural network;SNN;address event representation;AER},
  doi={10.1109/ACCESS.2023.3244793}
}


